@book{criswell2011cram,
  title = {Cram's introduction to surface electromyography},
  author = {Criswell, Eleanor and Cram, Jeffrey R.},
  year = {2011},
  edition = {2.},
  publisher = {{Jones and Bartlett}},
  address = {Sudbury, MA},
  isbn = {978-0-7637-3274-5},
  langid = {english}
}

@other{Kysela2024,
  author = {Tomáš Kysela},
  title = {Analýza EMG při hodnocení lokální fyzické zátěže},
  address = {Praha},
  year = {2024},
  school = {České vysoké učení technické v Praze},
  type = {Bakalářská práce},
}
