 @book{fyzika1, place={Praha, ČR}, edition={3}, title={Fyzika I.}, volume={2000}, publisher={České vysoke učení technické}, author={Šanderová, Věra and Kyncl, Zdeněk}, year={1987}}
 
 @misc{aldebaran_gravitace, title={Gravitace}, url={https://www.aldebaran.cz/astrofyzika/gravitace/newton.php}, journal={Newtonův gravitační zákon}, publisher={Aldebaran}, author={Kulhánek, Petr}}